@online{TimerOnedocs,
    title = {TimerOne \& TimerThree Libraries},
    author = {{PJCR}},
    url = {https://www.pjrc.com/teensy/td_libs_TimerOne.html},
    urldate = {2021-12-17},
}


@online{TimerOnerepo,
    title = {TimerOne Library},
    author = {Paul Stoffregen},
    version = {\texttt{ce0fa0b}},
    url = {https://github.com/PaulStoffregen/TimerOne},
    urldate = {2021-12-17},
}
